@article{lin,
  title={What Causes Herding: Information Cascade or Search Cost?},
  author={Lin, William and Tsai, Shih-Chuan and Sun, David},
  journal={Available at SSRN 1540443},
  year={2010}
},
@article{cont,
  title={Herd behavior and aggregate fluctuations in financial markets},
  author={Cont, Rama and Bouchaud, Jean-Philipe},
  journal={Macroeconomic dynamics},
  volume={4},
  number={2},
  pages={170--196},
  year={2000},
  publisher={Cambridge Univ Press}
}.
@article{bikhchandani,
  title={Herd behavior in financial markets},
  author={Bikhchandani, Sushil and Sharma, Sunil},
  journal={IMF Staff papers},
  pages={279--310},
  year={2000},
  publisher={JSTOR}
},
@inproceedings{boortz,
  title={Herding in financial markets},
  author={Boortz, Christopher and Jurkatis, Simon and Kremer, Stephanie and Nautz, Dieter},
  booktitle={Sonderforschungsbereich 649: {\"O}konomisches Risiko-(SFB 649 Papers)},
  organization={Humboldt-Universit{\"a}t zu Berlin, Wirtschaftswissenschaftliche Fakult{\"a}t}
}