@article{lin,
  title={What Causes Herding: Information Cascade or Search Cost?},
  author={Lin, William and Tsai, Shih-Chuan and Sun, David},
  journal={Available at SSRN 1540443},
  year={2010}
},
@article{cont,
  title={Herd behavior and aggregate fluctuations in financial markets},
  author={Cont, Rama and Bouchaud, Jean-Philipe},
  journal={Macroeconomic dynamics},
  volume={4},
  number={2},
  pages={170--196},
  year={2000},
  publisher={Cambridge Univ Press}
}.
@article{bikhchandani,
  title={Herd behavior in financial markets},
  author={Bikhchandani, Sushil and Sharma, Sunil},
  journal={IMF Staff papers},
  pages={279--310},
  year={2000},
  publisher={JSTOR}
},
@inproceedings{boortz,
  title={Herding in financial markets},
  author={Boortz, Christopher and Jurkatis, Simon and Kremer, Stephanie and Nautz, Dieter},
  booktitle={Sonderforschungsbereich 649: {\"O}konomisches Risiko-(SFB 649 Papers)},
  organization={Humboldt-Universit{\"a}t zu Berlin, Wirtschaftswissenschaftliche Fakult{\"a}t}
},
@article{scharfstein1990herd,
  title={Herd behavior and investment},
  author={Scharfstein, David S and Stein, Jeremy C},
  journal={The American Economic Review},
  pages={465--479},
  year={1990},
  publisher={JSTOR}
},
@article{grinblatt1995momentum,
  title={Momentum investment strategies, portfolio performance, and herding: A study of mutual fund behavior},
  author={Grinblatt, Mark and Titman, Sheridan and Wermers, Russ},
  journal={The American economic review},
  pages={1088--1105},
  year={1995},
  publisher={JSTOR}
},
@article{trueman1994analyst,
  title={Analyst forecasts and herding behavior},
  author={Trueman, Brett},
  journal={Review of financial studies},
  volume={7},
  number={1},
  pages={97--124},
  year={1994},
  publisher={Soc Financial Studies}
},
@article{devenow1996rational,
  title={Rational herding in financial economics},
  author={Devenow, Andrea and Welch, Ivo},
  journal={European Economic Review},
  volume={40},
  number={3},
  pages={603--615},
  year={1996},
  publisher={Elsevier}
},
@article{golec1997herding,
  title={Herding on noise: The case of Johnson redbook's weekly retail sales data},
  author={Golec, Joseph},
  journal={Journal of financial and quantitative analysis},
  volume={32},
  number={03},
  pages={367--381},
  year={1997},
  publisher={Cambridge Univ Press}
},
@article{lakonishok1992impact,
  title={The impact of institutional trading on stock prices},
  author={Lakonishok, Josef and Shleifer, Andrei and Vishny, Robert W},
  journal={Journal of financial economics},
  volume={32},
  number={1},
  pages={23--43},
  year={1992},
  publisher={Elsevier}
},
@article{sias2004institutional,
  title={Institutional herding},
  author={Sias, Richard W},
  journal={Review of Financial Studies},
  volume={17},
  number={1},
  pages={165--206},
  year={2004},
  publisher={Soc Financial Studies}
},
@article{park2011herding,
  title={Herding and contrarian behavior in financial markets},
  author={Park, Andreas and Sabourian, Hamid},
  journal={Econometrica},
  volume={79},
  number={4},
  pages={973--1026},
  year={2011},
  publisher={Wiley Online Library}
},
@inproceedings{almgren,
  title={Interest Rate Futures},
  author={Robert Almgren},
  date={March 25, 2011},
  publisher={Quantitative Brokers}
},
@article{guo2012high,
  title={High-Frequency Trading},
  author={Guo, Xin},
  year={2012}
},
@article{ahlstedt2012high,
  title={High Frequency Trading},
  author={Ahlstedt, Jonathan and Villysson, Johan},
  year={2012}
},
@article{gomber2011high,
  title={High-frequency trading},
  author={Gomber, Peter and Arndt, Bj{\"o}rn and Lutat, Marco and Uhle, Tim},
  journal={Available at SSRN 1858626},
  year={2011}
},